\nocite{*}
@article{Basis_paper,
  author  = {{Wyrzykowski}, {\L}. and {Kostrzewa-Rutkowska}, Z. and {Skowron}, J. and {Rybicki}, K.~A. and {Mr{\'o}z}, P. and {Koz{\l}owski}, S. and {Udalski}, A. and {Szyma{\'n}ski}, M.~K. and {Pietrzy{\'n}ski}, G. and {Soszy{\'n}ski}, I. and {Ulaczyk}, K. and {Pietrukowicz}, P. and {Poleski}, R. and {Pawlak}, M. and {I{\l}kiewicz}, K. and {Rattenbury}, N.~J.},
  title   = {{Black hole, neutron star and white dwarf candidates from microlensing with OGLE-III}},
  journal = {\mnras},
  year    = 2016,
  month   = may,
  volume  = {458},
  pages   = {3012-3026},
  doi     = {10.1093/mnras/stw426}
}

@article{MulensModel_paper,
  author  = {{Poleski}, R. and {Yee}, J.~C.},
  title   = {{Modeling microlensing events with MulensModel}},
  journal = {Astronomy and Computing},
  year    = 2019,
  month   = jan,
  volume  = {26},
  pages   = {35},
  doi     = {10.1016/j.ascom.2018.11.001}
}

@article{Xallarap_paper,
  author        = {{Zhai}, Ruocheng and {Poleski}, Rados{\l}aw and {Zang}, Weicheng and {Jung}, Youn Kil and {Udalski}, Andrzej and {Kuang}, Renkun and {Albrow}, Michael D. and {Chung}, Sun-Ju and {Gould}, Andrew and {Han}, Cheongho and {Hwang}, Kyu-Ha and {Ryu}, Yoon-Hyun and {Shin}, In-Gu and {Shvartzvald}, Yossi and {Yang}, Hongjing and {Yee}, Jennifer C. and {Cha}, Sang-Mok and {Kim}, Dong-Jin and {Kim}, Hyoun-Woo and {Kim}, Seung-Lee and {Lee}, Chung-Uk and {Lee}, Dong-Joo and {Lee}, Yongseok and {Park}, Byeong-Gon and {Pogge}, Richard W. and {KMTNet Collaboration} and {Skowron}, Jan and {Szyma{\'n}ski}, Micha{\l} K. and {Soszy{\'n}ski}, Igor and {Ulaczyk}, Krzysztof and {Pietrukowicz}, Pawe{\l} and {Koz{\l}owski}, Szymon and {Mr{\'o}z}, Przemek and {Rybicki}, Krzysztof A. and {Iwanek}, Patryk and {Wrona}, Marcin and {Gromadzki}, Mariusz and {OGLE Collaboration} and {Wang}, Hanyue and {Mao}, Shude and {Zhang}, Jiyuan and {Qian}, Qiyue and {Zhu}, Wei and {MAP Collaboration}},
  title         = {{OGLE-2017-BLG-0448Lb: A Low Mass{\textendash}Ratio Wide-orbit Microlensing Planet?}},
  journal       = {\aj},
  year          = 2024,
  month         = apr,
  volume        = {167},
  pages         = {162},
  doi           = {10.3847/1538-3881/ad284f}

}

@article{MassFunction_paper,
  author        = {{Mr{\'o}z}, P. and {Wyrzykowski}, {\L}.},
  title         = {{Measuring the Mass Function of Isolated Stellar Remnants with Gravitational Microlensing I. Revisiting the OGLE-III Dark Lens Candidates}},
  journal       = {\actaa},
  year          = 2021,
  month         = jun,
  volume        = {71},
  pages         = {89-102},
  doi           = {10.32023/0001-5237/71.2.1}
  
}

@book{Schneider1992,
  title = {Gravitational Lenses},
  ISBN = {9783662037584},
  DOI = {10.1007/978-3-662-03758-4},
  journal = {Astronomy and Astrophysics Library},
  publisher = {Springer Berlin Heidelberg},
  author = {Schneider,  Peter and Ehlers,  J\"{u}rgen and Falco,  Emilio E.},
  year = {1992}
}

@book{Congdon2018,
  title = {Principles of Gravitational Lensing: Light Deflection as a Probe of Astrophysics and Cosmology},
  ISBN = {9783030021221},
  DOI = {10.1007/978-3-030-02122-1},
  publisher = {Springer International Publishing},
  author = {Congdon,  Arthur B. and Keeton,  Charles R.},
  year = {2018}
}
\nocite{*}



